@misc{codesido,
  doi = {10.48550/ARXIV.1801.01724},
  url = {https://arxiv.org/abs/1801.01724},
  author = {Cid, J. Ángel and Tojo, F. Adrián F.},
  keywords = {Classical Analysis and ODEs (math.CA), FOS: Mathematics, FOS: Mathematics},
  title = {A Lipschitz condition along a transversal foliation implies local uniqueness for ODEs},
  publisher = {arXiv},
  year = {2018},
  copyright = {arXiv.org perpetual, non-exclusive license}
}

@book{fossen2011handbook,
  title={Handbook of Marine Craft Hydrodynamics and Motion Control},
  author={Fossen, T.I.},
  isbn={9781119991496},
  lccn={2010054228},
  url={https://books.google.fr/books?id=oR3sBgAAQBAJ},
  year={2011},
}

@book{jaulin2019mobile,
  title={Mobile Robotics},
  author={Jaulin, L.},
  isbn={9781119663492},
  url={https://books.google.fr/books?id=OMWxDwAAQBAJ},
  year={2019},
}